@misc{redes,
    author = "Euro 2004 network predictions at Revista Redes (accessed January 2012)",
    howpublished = "\url{http://revista-redes.rediris.es/webredes/eurocopa2004.htm}",
    year = "2004"
} 

@misc{deJong,
    author = "BBC news piece: ``World Cup 2010: Xabi Alonso slams Nigel De Jong tackle'' (accessed May 2012)",
    howpublished = "\url{http://news.bbc.co.uk/sport2/hi/football/world_cup_2010/8813661.stm}",
    year = "July 13th, 2010"
} 

@misc{datablog,
    author = "Datablog: ``World Cup 2010 statistics: every match and every player in data'' (accessed May 2012)",
    howpublished = "\url{http://www.guardian.co.uk/news/datablog/2010/jul/09/world-cup-2010-statistics}",
    year = "July 9th, 2010"
} 

http://www.guardian.co.uk/news/datablog/2010/jul/09/world-cup-2010-statistics

@article{Passos2011170,
title = "Networks as a novel tool for studying team ball sports as complex social systems",
journal = "Journal of Science and Medicine in Sport",
volume = "14",
number = "2",
pages = "170 - 176",
year = "2011",
issn = "1440-2440",
doi = "10.1016/j.jsams.2010.10.459",
url = "http://www.sciencedirect.com/science/article/pii/S1440244010006602",
author = "P. Passos and K. Davids and D. Ara\'ujo and N. Paz and J. Mingu\'ens and J. Mendes",
keywords = "Interpersonal coordination",
keywords = "Collective neurobiological systems",
keywords = "Pattern forming dynamics",
keywords = "Water polo"
}


@book{hughes04notational,
    author = "Hughes, M. and Franks, I.M.",
    title = "Notational Analysis of Sport: Systems for Better coaching and PErformance in Sport",
    publisher = "Routledge",
    address = "New York NY",
    year = "2004"
} 

@article{Brillinger07potential,
    author = "Brillinger, D.R.",
    year = "2007",
    title = "A Potential Function Approach to the Flow of Play in Soccer",
    journal = "Journal of Quantitative Analysis in Sports", 
    volume = "3",
    number = "1", 
    pages = "3",
}

@article{mendes07statistics,
    author = "Mendes, R.S. and Malacarne, L.C. and Anteneodo, C.",
    title = "Statistics of football dynamics",
    journal = "European Physical Journal B",
    volume = "57",
    number = "3",
    pages = "357-363",
    year = "2007"
}

@article{hughes-franks:2005,
    author = {Hughes, Mike and Franks, Ian M.},
    citeulike-article-id = {589302},
    journal = {Journal of Sport Sciences},
    number = {5},
    pages = {509--514},
    posted-at = {2006-04-17 20:06:44},
    priority = {0},
    title = {{Analysis of passing sequences, shots and goals in soccer}},
    volume = {23},
    year = {2005}
}

@article{holland71transivity,
    author = "P.W. Holland and S. Leinhardt",
    year = "1971",
    title = "Transitivity in structural models of small groups",
    journal = "Comparative Group Studies",
    volume = "2",
    pages = "107-124"
}

@article{Bonacich72factoring,
    author = "P. Bonacich",
    title = "Factoring and weighting approaches to status scores and clique identification",
    journal = "Journal of Mathematical Sociology", 
    volume = "2",
    year = "1972", 
    pages = "113-120"
}


@article{simon55class,
	author = "Simon, H. A.",
	year = "1955",
	title =  "On a Class of Skew Distribution Functions",
	journal = "Biometrika",
	volume = "42",
	number = "3/4",
	pages = "425--440"
}

@article{ERmodel,
	author = "Erd\H{o}s, P. and R\'enyi, A.",
	year = "1960",
	title =  "On the evolution of random graphs",
	journal = "Publications of the Mathematical Institute of the Hungarian Academy of Sciences",
	volume = "5",
	pages = "17--61"
}

@inproceedings{li04reshaping,
  author    = {X. Li and
               D. Leonard and
               D. Loguinov},
  title     = {On Reshaping of Clustering Coefficients in Degree-Based
               Topology Generators},
  booktitle = {Algorithms and Models for the Web-Graph (WAW 2004)},
  year      = {2004},
  pages     = {68-79},
  ee        = {http://dx.doi.org/10.1007/978-3-540-30216-2_6},
  editor    = {S. Leonardi},
  publisher = {Springer-Verlag},
  series    = {Lecture Notes in Computer Science},
  volume    = {3243},
  isbn      = {3-540-23427-6},
  address = "Rome, Italy"
}
