@article{reep1968skill,
  title={Skill and chance in association football},
  author={Reep, Charles and Benjamin, Bernard},
  journal={Journal of the Royal Statistical Society. Series A (General)},
  volume={131},
  number={4},
  pages={581--585},
  year={1968},
  publisher={JSTOR}
}

@article{reep97,
author = {Pollard, Richard and Reep, Charles},
title = {Measuring the effectiveness of playing strategies at soccer},
journal = {Journal of the Royal Statistical Society: Series D (The Statistician)},
volume = {46},
number = {4},
pages = {541-550},
keywords = {Logistic regression, Performance analysis, Soccer, Strategy},
doi = {https://doi.org/10.1111/1467-9884.00108},
url = {https://rss.onlinelibrary.wiley.com/doi/abs/10.1111/1467-9884.00108},
eprint = {https://rss.onlinelibrary.wiley.com/doi/pdf/10.1111/1467-9884.00108},
abstract = {Using a notational system which records on-the-ball events taking place throughout a soccer match, the game can be broken down into a series of team possessions. To assess the effectiveness of a team possession, a quantitative variable is developed representing the probability of a goal being scored, minus the probability of one being conceded. This variable, called the yield, can be used to evaluate both the expected outcome of a team possession originating in a given situation, as well as the actual outcome of the possession. In this way, the effectiveness of different strategies occurring during the possession can be quantified and compared.},
year = {1997}
}

@TechReport{redesvsredes,
  author =       {Redes},
  title =        {Redes contra redes. La {Eurocopa} 2004 de {Portugal} al desnudo},
  institution =  {Revista Redes},
  year =         2004,
  note =      {Accessed at \url{http://revista-redes.rediris.es/webredes/eurocopa2004.htm}, available Oct 26th 2022}}

@article{ucinet,
author = { J. David   Johnson },
title = {UCINET: A software tool for network analysis},
journal = {Communication Education},
volume = {36},
number = {1},
pages = {92-94},
year  = {1987},
publisher = {Routledge},
doi = {10.1080/03634528709378647},

url = {https://doi.org/10.1080/03634528709378647},
eprint = {https://doi.org/10.1080/03634528709378647}
}

@book{scott2012social,
  title={What is social network analysis?},
  author={Scott, John},
  year=2012,
  publisher={Bloomsbury Academic}
}

@article{csardi2006igraph,
  title={The \texttt{igraph} software package for complex network research},
  author={Csardi, Gabor and Nepusz, Tamas and others},
  journal={InterJournal, complex systems},
  volume={1695},
  number={5},
  pages={1--9},
  year={2006}
}

@article{bundio2007exploraciones,
  title={Exploraciones en F{\'u}tbol y Redes Sociales. An{\'a}lisis del desempe{\~n}o deportivo durante la Eurocopa 2004 a partir del an{\'a}lisis de redes sociales},
  author={Bundio, Javier and Conde, Mat{\'\i}as},
  journal={Redes. Revista hispana para el an{\'a}lisis de redes sociales},
  volume={13},
  year={2007}
}

@misc{MERELO2022,
author = "Elena Merelo-Molina",
title = "{Análisis de redes causales en deportes de equipo}",
year = "2022",
month = "9",
url = "https://figshare.com/articles/thesis/An_lisis_de_redes_causales_en_deportes_de_equipo/21070606",
doi = "10.6084/m9.figshare.21070606.v1"
}

@misc{chazan2020sports,
  title={Sports Analytics Algorithms for Performance Prediction},
  author={Chazan-Pantzalis, Victor},
  year={2020},
  url={https://repository.ihu.edu.gr/xmlui/bitstream/handle/11544/29621/DISSERTATION%20Chazan.pdf?sequence=1}
}

@article{braun2013soccer,
  title={Soccer Tactics as Science? On'Scotch Professors', a Ukrainian Soccer Buddha, and a Catalonian Who Tries to Learn German},
  author={Braun, Hans-Joachim},
  journal={Icon},
  pages={216--243},
  year={2013},
  publisher={JSTOR}
}

@phdthesis{vorontsov2011cheating,
  title={Cheating in Soviet Football: Myth or Reality?},
  author={Vorontsov, Sergey},
  year={2011},
  school={master’s thesis, Rossiyskaya Ekonomicheskaya Shkola}
}